@article{Duda-CACM72,
 author = "R. O. Duda and P. E. Hart",
 title = "Use of the {H}ough Transformation to Detect Lines and Curves in Pictures",
 journal = "Communications of the ACM",
 volume = "15",
 number = "1",
 pages = "11-15",
 year = "1972"
}

@article{Landers-RQES86,
 author = "D. M. Landers and S. H. Boutcher and M. Q. Wang",
 title = "A Psychobiological Study of Archery Performance",
 journal = "Research Quarterly for Exercise and Sport",
 volume = "57",
 pages = "236-244",
 year = "1986"
}

@article{Soylu-HMS06,
 author = "A. R. Soylu and H. Ertan and F. Korkusuz",
 title = "Archery performance level and repeatability of event-related {EMG}",
 journal = "Human Movement Science",
 volume = "25",
 number = "6",
 pages = "767-774",
 year = "2006"
}

@article{Tinazci-PE11,
 author = "C. Tinazci",
 title = "Shooting dynamics in archery: A multidimensional analysis from drawing to releasing in male archers",
 journal = "Procedia Engineering",
 volume = "13",
 pages = "290-296",
 year = "2011"
}

@article{Kolayis-PSBS14,
 author = "{\. I}pek Eroglu Kolayis and Murat {\c C}illi and Hayri Ertan and J. Axel Knicker",
 title = "Assessment of target performance in archery",
 journal = "Procedia - Social and Behavioral Sciences",
 volume = "152",
 pages = "451-456",
 year = "2014"
}

@article{Kim-TJSCR15,
 author = "Kim, H.-B. and Kim, S.-H. and So, W.-Y.",
 title = "The Relative Importance of Performance Factors in {K}orean Archery",
 journal = "The Journal of Strength and Conditioning Research",
 volume = "29",
 number = "5",
 pages = "1121-1129",
 year = "2015"
}

@article{Quan-KJSB16,
 author = "C. Quan and S. Lee",
 title = "Relationship between Aiming Patterns and Scores in Archery Shooting",
 journal = "Korean Journal of Sport Biomechanics",
 volume = "26",
 number = "4",
 pages = "353-360",
 year = "2016"
}

@article{Muazu-Musa-SS19,
 author = "R. {Muazu Musa} and A. P. P. {Abdul Majeed} and Z. Taha and M. R. Abdullah and A. B. {Husin Musawi Maliki} and N. {Azura Kosni}",
 title = "The application of artificial neural network and k-nearest neighbour classification models in the scouting of high-performance archers from a selected fitness and motor skill performance parameters",
 journal = "Science \& Sports",
 volume = "34",
 number = "4",
 pages = "e241-e249",
 year = "2019"
}

@inproceedings{Kawaguchi-AH20,
 author = "M. Kawaguchi and H. Mitake and S. Hasegawa",
 title = "Archery shots visualization by clustering and comparing from angular velocities of bows",
 booktitle = "Proceedings of International Conference on Augmented Humans",
 year = "2020",
 pages = "21:1-21:10"
}

@manual{AAG-DAA20,
 organization = "Archery Analytics",
 title = "Data Analysis in Archery - A guideline by {Archery Analytics GmbH}",
 year = "2020"
}

@article{Kim-IJERPH21,
 author = "Kim, E. J. and Kang, H. W. and Park, S. M.",
 title = "The Effects of Psychological Skills Training for Archery Players in {K}orea: Research Synthesis Using Meta-Analysis",
 journal = "International Journal of Environmental Research and Public Health",
 volume = "18",
 number = "5",
 pages = "2272:1-2272:11",
 year = "2021"
}

@article{Vendrame-SB22,
 author = "E. Vendrame and V. Belluscio and L. Truppa and L. Rum and A. Lazich and E. Bergamini and A. Mannini",
 title = "Performance assessment in archery: A systematic review",
 journal = "Sports Biomechanics",
 year = "2022",
 note = "Accepted"
}

%%%%%%

@inproceedings{Long-CVPR15,
 author = "J. Long and E. Shelhamer and T. Darrell",
 title = "Fully convolutional networks for semantic segmentation",
 booktitle = "Proceedings of IEEE Conference on Computer Vision and Pattern Recognition",
 year = "2015",
 pages = "3431-3440"
}

@misc{Schelp-online,
  title = "An Alternative Way to Plot the Covariance Ellipse",
  author = "C. Schelp",
  howpublished = {\url{https://carstenschelp.github.io/2018/09/14/Plot_Confidence_Ellipse_001.html}}
}

@misc{D3-online,
  title = "D3.js - {D}ata-{D}riven {D}ocuments",
  author = "M. Bostock and J. Heer",
  howpublished = {\url{https://d3js.org}}
}

%%%%%%

@article{Hu-VI20,
 author = "T. Hu and H. Zheng and C. Liang and S. Zhu and N. Imirzian and Y. Zhang and C. Wang and D. P. Hughes and D. Z. Chen",
 title = "{AntVis}: A Web-Based Visual Analytics Tool for Exploring Ant Movement Data",
 journal = "Visual Informatics",
 volume = "40",
 number = "1",
 pages = "58-70",
 year = "2020"
}
